% Bibliography test file
% Public domain.
% You may freely use, modify and/or distribute this file.

%% ASCII only
@book{knuth86,
  author    = "Donald E. Knuth",
  title     = "The \TeX book",
  publisher = "Addison-Wesley",
  year      = 1986,
}

%% Given_name Middle_name Family_name
@book{kernighan78,
  author    = "Brian Wilson Kernighan and Dennis MacAlistair Ritchie",
  title     = "The C Programming Language, 1st edition",
  publisher = "Prentice Hall",
  year      = 1978,
}

%% Family_name, Given_name Middle_name
@book{kernighan88,
  author    = "Kernighan, Brian W. and Ritchie, Dennis M.",
  title     = "The C Programming Language, 2nd edition",
  publisher = "Prentice Hall",
  year      = 1988,
}

%% name with Jr
@book{king63,
  author    = "King, Jr., Martin Luther",
  title     = "I Have a Dream",
  year      = 1963,
}

%% Latin-1, name with nobiliary particle "von"
@book{weber1821,
  author    = "Carl Maria von Weber",
  title     = "Der Freischütz",
  year      = 1821,
}

%% Latin-1
@book{björk2020,
  author    = "Tomas Björk",
  title     = "Arbitrage Theory in Continuous Time",
  publisher = "Oxford University Press",
  year      = 2020,
}

%% Japanese name with pronunciation "yomi"
%% 日本人姓名；読み仮名つき
@book{ken-na,
  author    = "中野 賢",
  yomi      = "Ken Nakano",
  title     = "日本語{\LaTeXe}ブック",
  publisher = "アスキー",
  year      = 1996,
}

%% Japanese, separate names by "、", "　"
@book{bibunsho8,
  author     = {奥村 　晴彦、黒木　 裕介},
  title      = {[改訂第8版] LaTeX2ε美文書作成入門},
  year       = 2020,
  publisher  = {技術評論社},
  language   = {ja},
  yomi       = {okumura}
}

%% Japanese, separate names by "，", "　"
@book{bibunsho7,
  author     = {奥村　晴彦，黒木　　裕介},
  title      = {[改訂第7版] LaTeX2ε美文書作成入門},
  year       = 2017,
  publisher  = {技術評論社},
  language   = {ja},
  yomi       = {okumura}
}

%% Japanese
@book{bibunsho6,
  author     = {奥村 晴彦 and 黒木  裕介},
  title      = {[改訂第6版] LaTeX2ε美文書作成入門},
  year       = 2013,
  publisher  = {技術評論社},
  language   = {ja},
  yomi       = {okumura}
}

%% Greek
%% ギリシャ文字；ニコス・カザンザキス「饗宴」
@book{nikos,
  author    = "Νίκος Καζαντζάκης",
  yomi      = "Nikos Kazantzakis",
  title     = "Συμπόσιον",
  publisher = "京緑社",
  year      = 2020,
}

%% Cyrillic
%% キリル文字；ドストエフスキー「カラマーゾフの兄弟」
@book{dostoevskii,
  title     = "Братья Карамазовы",
  author    = "Достое́вский, Фёдор Миха́йлович",
  yomi      = "Dostoevskii, F.M.",
  publisher = "Гослитиздат",
  year      = "1958",
}

%% Korean Hangul
%% 한글, ハングル：金萬重「九雲夢」
@book{kim-manjung,
  author    = "김 만중",
  yomi      = "Manjung Kim",
  title     = "구운몽",
  publisher = "高麗書林",
  year      = 1975,
}

%% Chinese
@book{CaoXueQin,
  author    = "曹 雪芹",
  title     = "紅樓夢",
}

@book{JinPingMei,
  author    = "蘭陵笑笑生",
  title     = "金瓶梅",
  year      = 1610,
}


%% Japanese book, Names in English
%% 日本語文献；著者は非・日本人
@book{boswell,
  author     = {Boswell, Dustin and Foucher, Trevor},
  title      = {リーダブルコード ―より良いコードを書くためのシンプルで実践的
                なテクニック (Theory in practice) },
  year       = 2012,
  publisher  = {オライリージャパン},
  translator = {角 征典},
  language   = {ja},
  yomi       = {boswell}
}

%% separate names by "、", "，" and "　"
@book{test:misc0,
   author    = "テスト てすと and 名無 権兵衛、 何　誰兵衛， 無名 　戦士 and John Smith and Schmidt, Hans",
   yomi      = "Tesuto Tesuto and Gombe Nanashi、 Darebe Nan，Senshi Mumei and John Smith and Hans Schmidt",
   title     = "UTF-8版jbibtexのテスト: ±α、β，γ。§абв．",
   publisher = "Ω出版社",
   year      = 2007,
}

%% characters over BMP
@book{髙島𠮷野,
   author    = {髙島 𠮷野、𡈽方　 𠀋之助},
   yomi      = "Yoshino Takashima",
   title     = "𠷡と𩸽と‼夢か幻か⁇",
   publisher = "安全﻿㐧一",
   isbn      = "0-000000-00-0",
   year      = 2007,
}

%% Latin-1, name with nobiliary particle "de"
@book{Lautréamont,
 author	= "Conte de Lautréamont",
 title	= "Les Chants de Maldoror",
 year = 1868,
}

@book{Proust,
 author	= "Marcel Proust",
 title	= "À la recherche du temps perdu",
 publisher = "Éditions Gallimard",
 year = "1913--1927",
}

@book{BrüderGrimm,
 author	= "Brüder Grimm",
 title	= "Kinder- und Hausmärchen",
 publisher = "Reimer",
 year = 1812,
}

@book{Булгаков,
 author	= "Булгаков, Михаил Афанасьевич",
 title	= "Мастер и Маргарита",
 year = 1966,
}

@book{Го́голь,
 author	= "Мико́ла Васи́льович Го́голь",
 title	= "Нос",
 year = 1836,
}

