% UTF-8 with BOM
@Type{ascii-v001, field = {ABC xyz}, }
@Type{ambiguos-v006, field = {CEBx: αβγδεζηθικλμνξο}, }
@Type{ambiguos-v008, field = {D0Bx: абвгдежзийклмноп}, }
@Type{ambiguos-v009, field = {佳人 大声 亡失 対価 幼女 帰任 信仰 伴侶 山岳 年俸 平常 延伸 鷲鷹}, }
@Type{ambiguos-v050, field = {係q体y}, }
@Type{ambiguos-v051, field = {語①誚②}, }

