% ambiguous: UTF-8 or Shift_JIS
@Type{ambiguos-a050, field = {係q体y}, }
@Type{ambiguos-a051, field = {語①誚②}, }

