% ambiguous: UTF-8 or EUC-JP
@Type{ambiguos-a001, field = {СТУФХ}, }
@Type{ambiguos-a002, field = {信俣}, }
