% ambiguous: EUC-JP or Shift_JIS
@Type{ambiguos-a100, field = {E0Ax: à¡à¢à£à¤à¥à¦à§à¨à©àªà«à¬à­à®à¯}, }
@Type{ambiguos-a101, field = {E2Ax: â¡â¢â£â¤â¥â¦â§â¨â©âªâ«â¬â­â®â¯}, }
@Type{ambiguos-a102, field = {E4Ax: ä¡ä¢ä£ä¤ä¥ä¦ä§ä¨ä©äªä«ä¬ä­ä®ä¯}, }
@Type{ambiguos-a103, field = {E6Ax: æ¡æ¢æ£æ¤æ¥æ¦æ§æ¨æ©æªæ«æ¬æ­æ®æ¯}, }
@Type{ambiguos-a104, field = {E8Ax: è¡è¢è£è¤è¥è¦è§è¨è©èªè«è¬è­è®è¯}, }
@Type{ambiguos-a105, field = {EAAx: ê¡ê¢ê£ê¤}, }

