@Type{ascii,
  field = {ABCDEFG tuvwxyz},
}

@Type{greek,
  field = {ΑΒΓΔΕΖΗ στυφχψω},
}

@Type{cyrillic,
  field = {АБВГДЕЖ щъыьэюя},
}

@Type{kana,
  field = {あいうえおかき　ユヨワヰヱヲン},
}

@Type{hanzi,
  field = {一二三四五六七　肆伍陸漆捌玖拾},
}

