@Type{ascii,
  field = {ABCDEFG tuvwxyz},
}
@Type{ascii-a,
  field = {{AB}CDEFG tuvwx{yz}},
}
@Type{ascii-b,
  field = {{{AB}CD}EFG tuv{wx{yz}}},
}

@Type{latin1,
  field = {ÅÇÈÎØÜÝ~åçèîøüý},
}
@Type{latin1-a,
  field = {{ÅÇ}ÈÎØÜÝ~åçèîø{üý}},
}
@Type{latin1-b,
  field = {{{ÅÇ}ÈÎ}ØÜÝ~åçè{îø{üý}}},
}

@Type{greek,
  field = {ΑΒΓΔΕΖΗ στυφχψω},
}
@Type{greek-a,
  field = {{ΑΒ}ΓΔΕΖΗ στυφχ{ψω}},
}
@Type{greek-b,
  field = {{{ΑΒ}ΓΔ}ΕΖΗ στυ{φχ{ψω}}},
}

@Type{cyrillic,
  field = {АБВГДЕЖ щъыьэюя},
}
@Type{cyrillic-a,
  field = {{АБ}ВГДЕЖ щъыьэ{юя}},
}
@Type{cyrillic-b,
  field = {{{АБ}ВГ}ДЕЖ щъы{ьэ{юя}}},
}

@Type{kana,
  field = {あいうえおかき　ユヨワヰヱヲン},
}
@Type{kana-a,
  field = {{あい}うえおかき　ユヨワヰヱ{ヲン}},
}
@Type{kana-b,
  field = {{{あい}う}えおかき　ユヨワヰ{ヱ{ヲン}}},
}

@Type{hanzi,
  field = {一二三四五六七　肆伍陸漆捌玖拾},
}
@Type{hanzi-a,
  field = {{一二}三四五六七　肆伍陸漆捌{玖拾}},
}
@Type{hanzi-b,
  field = {{{一二}三}四五六七　肆伍陸漆{捌{玖拾}}},
}

@Type{hanzi2,
  field = {櫛杓屠冤𦥑𠮟𠀋𡈽𥝱𨦇𡚴𠷡𧘕𧘔𩸽},
}
@Type{hanzi2-a,
  field = {{櫛杓}屠冤𦥑𠮟𠀋𡈽𥝱𨦇𡚴𠷡𧘕{𧘔𩸽}},
}
@Type{hanzi2-b,
  field = {{{櫛杓}屠}冤𦥑𠮟𠀋𡈽𥝱𨦇𡚴𠷡{𧘕{𧘔𩸽}}},
}

@Type{mix,
  field = {AÇう冤EÜЖ~tçユ漆𡚴xюω},
}
@Type{mix-a,
  field = {{AÇ}う冤EÜЖ~tçユ漆𡚴x{юω}},
}
@Type{mix-b,
  field = {{{AÇ}う冤}EÜЖ~tçユ漆{𡚴x{юω}}},
}

