@Type{ascii,
  field	  = {ABC HIJ XYZ abc hij xyz},
}

@Type{greek1,
  field	  = {ΑΒΓ ΠΡ ΣΤ ΧΨΩ αβγ πρ στ χψω},
}

@Type{cyrillic1,
  field	  = {АБВ ОП РС ЭЮЯ абв оп рс эюя},
}
